%% uctest.bib 11/3/94
%% See accompanying LICENSE file for licensing, history, and copyright
%% information.

@INPROCEEDINGS{padovaniFL19,
author = {Padovani, Rafael and Ferreira, Lucas N. and Lelis, Levi H. S.},
year = {2019},
month = {07},
pages = {2604-2611},
title = {Be Inaccurate but Donâ€™t Be Indecisive: How Error Distribution Can Affect User Experience},
booktitle = {Proceedings of the AAAI Conference on Artificial Intelligence}
}

@article{bergstrom2014case,
  title={The case for computer-augmented games},
  author={Bergstr{\"o}m, Karl and Bj{\"o}rk, Staffan},
  journal={Transactions of the Digital Games Research Association},
  volume={1},
  number={3},
  year={2014}
}

@article{adam14,
author = {Kingma, Diederik and Ba, Jimmy},
year = {2014},
month = {12},
title = {Adam: A Method for Stochastic Optimization},
journal = {International Conference on Learning Representations}
}

@article{bertin2011million,
  title={The million song dataset},
  author={Bertin-Mahieux, Thierry and Ellis, Daniel PW and Whitman, Brian and Lamere, Paul},
  year={2011}
}


@INPROCEEDINGS{Radford2018,
    author = {Alec Radford and Karthik Narasimhan and Tim Salimans and Ilya Sutskever},
    title = {Improving Language Understanding by Generative Pre-Training},
    booktitle = {Arxiv},
    year = {2018}
}


@Book{sutton1998reinforcement,
  Title                    = {Reinforcement Learning : An Introduction},
  Author                   = {Richard S. Sutton and Andrew G. Barto},
  Publisher                = {MIT Press},
  Year                     = {1998}
}

@techreport{Seo2004,
     title = {Financial News Analysis for Intelligent Portfolio Management},
     author = {Young-Woo Seo and Joseph Giampapa and Katia Sycara},
     year = {2004},
     institution = {Robotics Institute, Carnegie Mellon University},
}

@INPROCEEDINGS{Cho1996,
author={Seng-Cho Timothy Chou and Chau-Chen Yang and Chi-Huang Chan and Feipei Lai},
booktitle={IEEE Conference on Computational Intelligence for Financial Engineering},
title={A rule-based neural stock trading decision support system},
year={1996},
pages={148-154},
doi={10.1109/CIFER.1996.501839},
}

@article{Hochreiter:1997,
 author = {Hochreiter, Sepp and Schmidhuber, J\"{u}rgen},
 title = {Long Short-Term Memory},
 journal = {Neural Computation},
 volume = {9},
 number = {8},
 year = {1997},
 issn = {0899-7667},
 pages = {1735--1780},
 numpages = {46},
 publisher = {MIT Press},
}


@article{LeeSee04Trust,
  author = {Lee, John D. and See, Katrina A.},
  journal = {Human Factors},
  keywords = {automation confidence models trust human machine},
  number = 1,
  pages = {50-80},
  title = {Trust in automation: designing for appropriate reliance},
  volume = 46,
  year = 2004
}



@phdthesis{Sanchez2006,
  author = {Julian Sanchez},
  pages = {1-138},
  school = {Georgia Institute of Technology},
  title = {Factors that affect trust and reliance on an automated aid.},
  year = 2006
}

@INPROCEEDINGS{Cherkauer96humanexpertlevel,
    author = {Kevin Cherkauer},
    title = {Human Expert-Level Performance on a Scientific Image Analysis Task by a System Using Combined Artificial Neural Networks},
    booktitle = {Working Notes of the AAAI Workshop on Integrating Multiple Learned Models},
    year = {1996},
    pages = {15--21}
}

@article{Breiman1996,
 author = {Breiman, Leo},
 title = {Bagging Predictors},
 journal = {Machine Learning},
 volume = {24},
 number = {2},
 year = {1996},
 issn = {0885-6125},
 pages = {123--140},
 acmid = {231989},
 publisher = {Kluwer Academic Publishers},
 keywords = {aggregation, averaging, bootstrap, combining},
}

@article{Freund1997,
 author = {Freund, Yoav and Schapire, Robert E},
 title = {A Decision-Theoretic Generalization of On-Line Learning and an Application to Boosting},
 journal = {Journal of Computer and System Sciences},
 volume = {55},
 number = {1},
 month = aug,
 year = {1997},
 issn = {0022-0000},
 pages = {119--139},
 publisher = {Academic Press, Inc.},
}

@article{Schapire1990,
 author = {Schapire, Robert E.},
 title = {The Strength of Weak Learnability},
 journal = {Machine Learning},
 volume = {5},
 number = {2},
 year = {1990},
 issn = {0885-6125},
 pages = {197--227},
 numpages = {31},
 publisher = {Kluwer Academic Publishers},
 address = {Hingham, MA, USA},
 keywords = {Machine learning, PAC learning, learnability theory, learning from examples, polynomial-time identification},
}

@inproceedings{Yang:2017,
 author = {Yang, X. Jessie and Unhelkar, Vaibhav V. and Li, Kevin and Shah, Julie A.},
 title = {Evaluating Effects of User Experience and System Transparency on Trust in Automation},
 booktitle = {Proceedings of the 2017 ACM/IEEE International Conference on Human-Robot Interaction},
 year = {2017},
 pages = {408--416},
 publisher = {ACM},
 address = {New York, NY, USA},
 keywords = {automation transparency, long-term inter-actions, supervisory control, trust in automation},
}

@inproceedings{Desai:2013,
 author = {Desai, Munjal and Kaniarasu, Poornima and Medvedev, Mikhail and Steinfeld, Aaron and Yanco, Holly},
 title = {Impact of Robot Failures and Feedback on Real-time Trust},
 booktitle = {Proceedings of the 8th ACM/IEEE International Conference on Human-robot Interaction},
 series = {HRI '13},
 year = {2013},
 isbn = {978-1-4673-3055-8},
 location = {Tokyo, Japan},
 pages = {251--258},
 numpages = {8},
 url = {http://dl.acm.org/citation.cfm?id=2447556.2447663},
 acmid = {2447663},
 publisher = {IEEE Press},
 address = {Piscataway, NJ, USA},
 keywords = {dynamic reliability, human-robot interaction, trust},
}

@article{deVries:2003,
 author = {de Vries, Peter and Midden, Cees and Bouwhuis, Don},
 title = {The Effects of Errors on System Trust, Self-confidence, and the Allocation of Control in Route Planning},
 journal = {Int. J. Hum.-Comput. Stud.},
 volume = {58},
 number = {6},
 year = {2003},
 issn = {1071-5819},
 pages = {719--735},
 publisher = {Academic Press, Inc.},
 address = {Duluth, MN, USA},
 keywords = {control allocation, route planning, self confidence, system trust},
}

@inproceedings{Desai:2012,
 author = {Desai, Munjal and Medvedev, Mikhail and V\'{a}zquez, Marynel and McSheehy, Sean and Gadea-Omelchenko, Sofia and Bruggeman, Christian and Steinfeld, Aaron and Yanco, Holly},
 title = {Effects of Changing Reliability on Trust of Robot Systems},
 booktitle = {Proceedings of the Seventh Annual ACM/IEEE International Conference on Human-Robot Interaction},
 year = {2012},
 location = {Boston, Massachusetts, USA},
 pages = {73--80},
 numpages = {8},
 publisher = {ACM},
 address = {New York, NY, USA},
 keywords = {automation, experiments, trust},
}


@article{jian2000foundations,
  title={Foundations for an empirically determined scale of trust in automated systems},
  author={Jian, J-Y and Bisantz, A M and Drury, C G},
  journal={International Journal of Cognitive Ergonomics},
  volume={4},
  number={1},
  pages={53--71},
  year={2000},
  publisher={Taylor \& Francis}
}

@inproceedings{desai2013impact,
  title={Impact of robot failures and feedback on real-time trust},
  author={Desai, M and Kaniarasu, P and Medvedev, M and Steinfeld, A and Yanco, H},
  booktitle={Proceedings of the 8th ACM/IEEE international conference on Human-robot interaction},
  pages={251--258},
  year={2013},
  organization={IEEE Press}
}

@book{ abelson-et-al:scheme,
  author = "Harold Abelson and Gerald~Jay Sussman and Julie Sussman",
  title = "Structure and Interpretation of Computer Programs",
  publisher = "MIT Press",
  address = "Cambridge, Massachusetts",
  year = "1985"
}

@inproceedings{ bgf:Lixto,
  author = "Robert Baumgartner and Georg Gottlob and Sergio Flesca",
  title = "Visual Information Extraction with {Lixto}",
  booktitle = "Proceedings of the 27th International Conference on Very Large Databases",
  pages = "119--128",
  publisher = "Morgan Kaufmann",
  address = "Rome, Italy",
  month = "September",
  year = "2001"
}

@article{ brachman-schmolze:kl-one,
  author = "Ronald~J. Brachman and James~G. Schmolze",
  title = "An overview of the {KL-ONE} knowledge representation system",
  journal = "Cognitive Science",
  volume = "9",
  number = "2",
  pages = "171--216",
  month = "April--June",
  year = "1985"
}

@article{ gottlob:nonmon,
  author = "Georg Gottlob",
  title = "Complexity results for nonmonotonic logics",
  journal = "Journal of Logic and Computation",
  volume = "2",
  number = "3",
  pages = "397--425",
  month = "June",
  year = "1992"
}

@article{ gls:hypertrees,
  author = "Georg Gottlob and Nicola Leone and Francesco Scarcello",
  title = "Hypertree Decompositions and Tractable Queries",
  journal = "Journal of Computer and System Sciences",
  volume = "64",
  number = "3",
  pages = "579--627",
  month = "May",
  year = "2002"
}

@article{ levesque:functional-foundations,
  author = "Hector~J. Levesque",
  title = "Foundations of a functional approach to knowledge representation",
  journal = "Artificial Intelligence",
  volume = "23",
  number = "2",
  pages = "155--212",
  month = "July",
  year = "1984"
}

@inproceedings{ levesque:belief,
  author = "Hector~J. Levesque",
  title = "A logic of implicit and explicit belief",
  booktitle = "Proceedings of the Fourth National Conference on Artificial Intelligence",
  publisher = "American Association for Artificial Intelligence",
  pages = "198--202",
  address = "Austin, Texas",
  month = "August",
  year = "1984"
}

@article{ nebel:jair-2000,
  author = "Bernhard Nebel",
  title = "On the compilability and expressive power of propositional planning formalisms",
  journal = "Journal of Artificial Intelligence Research",
  volume = "12",
  pages = "271--315",
  year = "2000"
}






@Article{Nicholson2000,
author="Nicholson, J.
and Takahashi, K.
and Nakatsu, R.",
title="Emotion Recognition in Speech Using Neural Networks",
journal="Neural Computing {\&} Applications",
year="2000",
volume="9",
number="4",
pages="290--296",
}


@article{NWE2003603,
title = "Speech emotion recognition using hidden Markov models",
journal = "Speech Communication",
volume = "41",
number = "4",
pages = "603 - 623",
year = "2003",
issn = "0167-6393",
author = "Tin Lay Nwe and Say Wei Foo and Liyanage C De Silva",
}

@inproceedings{Le2013EmotionRF,
  title={Emotion recognition from spontaneous speech using Hidden Markov models with deep belief networks},
  author={Duc Le and Emily Mower Provost},
  booktitle={
  {IEEE} Workshop on Automatic Speech Recognition and Understanding},
  year={2013}
}

@inproceedings{NiuQY14,
  author    = {Jianwei Niu and
               Yanmin Qian and
               Kai Yu},
  title     = {Acoustic emotion recognition using deep neural network},
  booktitle = {The International Symposium on Chinese Spoken Language Processing},
  pages     = {128--132},
  year      = {2014},
}



@techreport{danish1996,
     title = {Documentation of the Danish Emotional Speech Database {DES}},
     author = {Inger S. Engberg and Anya Varnich Hansen},
     year = {1996},
     institution = {Aalborg University},
}


@INPROCEEDINGS{Burkhardt05adatabase,
    author = {F. Burkhardt and A. Paeschke and M. Rolfes and W. Sendlmeier and B. Weiss},
    title = {A database of german emotional speech},
    booktitle = {in Proceedings of Interspeech},
    year = {2005},
    pages = {1517--1520}
}

@phdthesis{Steidl2009,
  author = {Steidl, Stefan},
  isbn = {978-3-8325-2145-5},
  pages = {1-250},
  school = {University of Erlangen-Nuremberg},
  title = {Automatic classification of emotion related user states in spontaneous children's speech.},
  year = 2009
}


@article{Cowie2001,
title = "Emotion Recognition in Human-Computer Interaction",
author = "Roderick Cowie and Ellen Douglas-Cowie and N. Tsapatsoulis and G. Votsis and S. Kollias and W. Fellenz and J. Taylor",
year = "2001",
volume = "18 (1)",
pages = "32--80",
journal = "IEEE Signal Processing Magazine",
issn = "1053-5888",
number = "1",
}

@article{ElAyadi:2011,
 author = {El Ayadi, Moataz and Kamel, Mohamed S. and Karray, Fakhri},
 title = {Survey on Speech Emotion Recognition: Features, Classification Schemes, and Databases},
 journal = {Pattern Recognition},
 volume = {44},
 number = {3},
 year = {2011},
 issn = {0031-3203},
 pages = {572--587},
 numpages = {16},
 publisher = {Elsevier Science Inc.},
 address = {New York, NY, USA},
}

@book{Davitz1964,
  title={The communication of emotional meaning},
  author={Davitz, J. R.},
  year={1964},
  publisher={Oxford, England: Mcgraw Hill}
}



@article{Murray1993,
title = "Toward the simulation of emotion in synthetic speech: a review of the literature on human vocal emotion.",
author = "Murray I. R. and Arnott J. L.",
year = "1993",
volume = "93 (2)",
pages = "1097--1108",
journal = "The Journal of the Acoustical Society of America",
}



@article{bergstrom2014case,
  title={The case for computer-augmented games},
  author={Bergstr{\"o}m, Karl and Bj{\"o}rk, Staffan},
  journal={Transactions of the Digital Games Research Association},
  volume={1},
  number={3},
  year={2014}
}


@online{ken2009youtube,
 author = {Harrenstien, Ken},
 title = {Automatic captions in YouTube},
 howpublished = {https://googleblog.blogspot.com.br/2009/11/automatic-captions-in-youtube.html},
 year = {2009},
 urldate = {05/15/2017}
}


@inproceedings{padovani2017,
    author = {Rafael Padovani and Lucas N. Ferreira and Levi H. S. Lelis},
    title = {Bardo: Emotion-based Music Recommendation for Tabletop Role-Playing Games},
    booktitle = {Proceedings of the AAAI Conference on Artificial Intelligence
    and Interactive Digital Entertainment},
    year = {2017},
    numpages = {7},
}

@incollection{Ekman:1999,
  author      = "Paul Ekman",
  title       = "Basic Emotions",
  editor      = " Dalgleish, T. and Power, M. J.",
  booktitle   = "The Handbook of Cognition and Emotion",
  publisher   = "John Wiley \& Sons",
  address     = "Sussex, U.K.",
  year        = 1999,
  pages       = "45-60",
}

@inproceedings{alm2005emotions,
  title={Emotions from text: machine learning for text-based emotion prediction},
  author={Alm, Cecilia Ovesdotter and Roth, Dan and Sproat, Richard},
  booktitle={Proceedings of the conference on human language technology and empirical methods in natural language processing},
  pages={579--586},
  year={2005},
  organization={Association for Computational Linguistics}
}

@article{mohammad2013crowdsourcing,
  title={Crowdsourcing a word--emotion association lexicon},
  author={Mohammad, Saif M and Turney, Peter D},
  journal={Computational Intelligence},
  volume={29},
  number={3},
  pages={436--465},
  year={2013},
  publisher={Wiley Online Library}
}

@INPROCEEDINGS{McCallum98acomparison,
    author = {Andrew McCallum and Kamal Nigam},
    title = {A comparison of event models for Naive Bayes text classification},
    booktitle = {AAAI-98 Workshop on Learning for Text Categorization},
    year = {1998},
    pages = {41--48},
    publisher = {AAAI Press}
}


@book{manning2008introduction,
  title={Introduction to information retrieval},
  author={Manning, Christopher D and Raghavan, Prabhakar and Sch{\"u}tze, Hinrich and others},
  volume={1},
  number={1},
  year={2008},
  publisher={Cambridge university press Cambridge}
}


@article{Hansen1990,
 author = {Hansen, L. K. and Salamon, P.},
 title = {Neural Network Ensembles},
 journal = {IEEE Transactions Pattern Analysis and Machine Intelligence},
 volume = {12},
 number = {10},
 year = {1990},
 pages = {993--1001},
 publisher = {IEEE Computer Society},
 address = {Washington, DC, USA},
}

@inproceedings{dietterich2000ensemble,
 author = {Dietterich, Thomas G.},
 title = {Ensemble Methods in Machine Learning},
 booktitle = {Proceedings of the First International Workshop on Multiple Classifier Systems},
 year = {2000},
 isbn = {3-540-67704-6},
 pages = {1--15},
 numpages = {15},
 publisher = {Springer-Verlag},
 address = {London, UK, UK},
}

@article{Xu1992,
    author = {Xu, L. and Krzyzak, A. and Suen, C. Y.},
    journal = {{IEEE} Transactions on Systems, Man, and Cybernetics},
    number = {3},
    pages = {418--435},
    title = {{Methods of combining multiple classifiers and their applications to handwriting recognition}},
    volume = {22},
    year = {1992}
}

@article{Provost2001,
 author = {Provost, Foster and Fawcett, Tom},
 title = {Robust Classification for Imprecise Environments},
 journal = {Machine Learning},
 volume = {42},
 number = {3},
 month = mar,
 year = {2001},
 issn = {0885-6125},
 pages = {203--231},
 publisher = {Kluwer Academic Publishers},
 address = {Hingham, MA, USA},
}

@Article{Drummond2006,
author="Drummond, Chris and Holte, Robert C.",
title="Cost curves: An improved method for visualizing classifier performance",
journal="Machine Learning",
year="2006",
volume="65",
number="1",
pages="95--130",
issn="1573-0565",
}

@inproceedings{ferreira_2019,
  title={Learning to Generate Music with Sentiment},
  author={Ferreira, Lucas N and Whitehead, Jim},
  booktitle = {Proceedings of the International Society for Music Information Retrieval Conference},
  series = {ISMIR'19},
  year={2019},
  url = {http://www.lucasnferreira.com/papers/2019/ismir-music-sentneuron.pdf}
}

@inproceedings{hawthorne2018enabling,
  title={Enabling Factorized Piano Music Modeling and Generation with the {MAESTRO} Dataset},
  author={Curtis Hawthorne and Andriy Stasyuk and Adam Roberts and Ian Simon and Cheng-Zhi Anna Huang and Sander Dieleman and Erich Elsen and Jesse Engel and Douglas Eck},
  booktitle={International Conference on Learning Representations},
  year={2019},
  url={https://openreview.net/forum?id=r1lYRjC9F7},
}

@article{devlin2018bert,
  title={Bert: Pre-training of deep bidirectional transformers for language understanding},
  author={Devlin, Jacob and Chang, Ming-Wei and Lee, Kenton and Toutanova, Kristina},
  journal={arXiv preprint arXiv:1810.04805},
  year={2018}
}

@article{huang2018music,
  title={Music transformer},
  author={Huang, Cheng-Zhi Anna and Vaswani, Ashish and Uszkoreit, Jakob and Shazeer, Noam and Simon, Ian and Hawthorne, Curtis and Dai, Andrew M and Hoffman, Matthew D and Dinculescu, Monica and Eck, Douglas},
  journal={arXiv preprint arXiv:1809.04281},
  year={2018}
}

@article{yang2017midinet,
  title={MidiNet: A convolutional generative adversarial network for symbolic-domain music generation},
  author={Yang, Li-Chia and Chou, Szu-Yu and Yang, Yi-Hsuan},
  journal={arXiv preprint arXiv:1703.10847},
  year={2017}
}

@article{mogren2016c,
  title={C-RNN-GAN: Continuous recurrent neural networks with adversarial training},
  author={Mogren, Olof},
  journal={arXiv preprint arXiv:1611.09904},
  year={2016}
}

@article{russell1980circumplex,
  title={A circumplex model of affect.},
  author={Russell, James A},
  journal={Journal of personality and social psychology},
  volume={39},
  number={6},
  pages={1161},
  year={1980},
  publisher={American Psychological Association}
}

@article{briot2017deep,
  title={Deep learning techniques for music generation-a survey},
  author={Briot, Jean-Pierre and Hadjeres, Ga{\"e}tan and Pachet, Fran{\c{c}}ois},
  journal={arXiv preprint arXiv:1709.01620},
  year={2017}
}

@phdthesis{raffel2016learning,
  title={Learning-based methods for comparing sequences, with applications to audio-to-midi alignment and matching},
  author={Raffel, Colin},
  year={2016},
  school={Columbia University}
}

@article{wu2016google,
  title={Google's neural machine translation system: Bridging the gap between human and machine translation},
  author={Wu, Yonghui and Schuster, Mike and Chen, Zhifeng and Le, Quoc V and Norouzi, Mohammad and Macherey, Wolfgang and Krikun, Maxim and Cao, Yuan and Gao, Qin and Macherey, Klaus and others},
  journal={arXiv preprint arXiv:1609.08144},
  year={2016}
}

@inproceedings{zhu2015aligning,
  title={Aligning books and movies: Towards story-like visual explanations by watching movies and reading books},
  author={Zhu, Yukun and Kiros, Ryan and Zemel, Rich and Salakhutdinov, Ruslan and Urtasun, Raquel and Torralba, Antonio and Fidler, Sanja},
  booktitle={Proceedings of the IEEE international conference on computer vision},
  pages={19--27},
  year={2015}
}

@article{radford2019language,
  title={Language models are unsupervised multitask learners},
  author={Radford, Alec and Wu, Jeffrey and Child, Rewon and Luan, David and Amodei, Dario and Sutskever, Ilya},
  journal={OpenAI Blog},
  volume={1},
  number={8},
  pages={9},
  year={2019}
 }

 @inproceedings{oore2017learning,
  title={Learning to create piano performances},
  author={Oore, Sageev and Simon, Ian and Dieleman, Sander and Eck, Doug},
  booktitle={NIPS 2017 Workshop on Machine Learning for Creativity and Design},
  year={2017}
}

 @article{williams2015investigating,
  title={Investigating affect in algorithmic composition systems},
  author={Williams, Duncan and Kirke, Alexis and Miranda, Eduardo R and Roesch, Etienne and Daly, Ian and Nasuto, Slawomir},
  journal={Psychology of Music},
  volume={43},
  number={6},
  pages={831--854},
  year={2015},
  publisher={SAGE Publications Sage UK: London, England}
}

@inproceedings{williams2015dynamic,
  title={Dynamic game soundtrack generation in response to a continuously varying emotional trajectory},
  author={Williams, Duncan and Kirke, Alexis and Eaton, Joel and Miranda, Eduardo and Daly, Ian and Hallowell, James and Roesch, Etienne and Hwang, Faustina and Nasuto, Slawomir J},
  booktitle={Audio Engineering Society Conference: 56th International Conference: Audio for Games},
  year={2015},
  organization={Audio Engineering Society}
}

@article{davis2014generating,
  title={Generating music from literature},
  author={Davis, Hannah and Mohammad, Saif M},
  journal={Proceedings of the 3rd Workshop on Computational Linguistics for Literature (CLfL)},
  pages={1--10},
  year={2014}
}

@inproceedings{monteith2010automatic,
  title={Automatic Generation of Music for Inducing Emotive Response.},
  author={Monteith, Kristine and Martinez, Tony R and Ventura, Dan},
  booktitle={International Conference on Computational Creativity},
  pages={140--149},
  year={2010}
}

@article{keskar2019ctrl,
  title={Ctrl: A conditional transformer language model for controllable generation},
  author={Keskar, Nitish Shirish and McCann, Bryan and Varshney, Lav R and Xiong, Caiming and Socher, Richard},
  journal={arXiv preprint arXiv:1909.05858},
  year={2019}
}

@article{ziegler2019fine,
  title={Fine-tuning language models from human preferences},
  author={Ziegler, Daniel M and Stiennon, Nisan and Wu, Jeffrey and Brown, Tom B and Radford, Alec and Amodei, Dario and Christiano, Paul and Irving, Geoffrey},
  journal={arXiv preprint arXiv:1909.08593},
  year={2019}
}

@article{dathathri2019plug,
  title={Plug and play language models: a simple approach to controlled text generation},
  author={Dathathri, Sumanth and Madotto, Andrea and Lan, Janice and Hung, Jane and Frank, Eric and Molino, Piero and Yosinski, Jason and Liu, Rosanne},
  journal={arXiv preprint arXiv:1912.02164},
  year={2019}
}

@book{poole2010artificial,
  title={Artificial Intelligence: foundations of computational agents},
  author={Poole, David L and Mackworth, Alan K},
  year={2010},
  publisher={Cambridge University Press}
}

@InProceedings{Kool2019SBS,
  title = 	 {Stochastic Beams and Where To Find Them: The {G}umbel-Top-k Trick for Sampling Sequences Without Replacement},
  author = 	 {Wouter Kool and Herke Van Hoof and Max Welling},
  booktitle = 	 {Proceedings of the 36th International Conference on Machine Learning},
  pages = 	 {3499--3508},
  year = 	 {2019},
  editor = 	 {Kamalika Chaudhuri and Ruslan Salakhutdinov},
  volume = 	 {97},
  series = 	 {Proceedings of Machine Learning Research},
  address = 	 {Long Beach, California, USA},
  month = 	 {09--15 Jun},
  publisher = 	 {PMLR}
}

@inproceedings{vijayakumar2018diverse,
  title={Diverse beam search for improved description of complex scenes},
  author={Vijayakumar, Ashwin K and Cogswell, Michael and Selvaraju, Ramprasaath R and Sun, Qing and Lee, Stefan and Crandall, David and Batra, Dhruv},
  booktitle={Thirty-Second AAAI Conference on Artificial Intelligence},
  year={2018}
}

@inproceedings{Soleymani_2013,
 author = {Soleymani, Mohammad and Caro, Micheal N. and Schmidt, Erik M. and Sha, Cheng-Ya and Yang, Yi-Hsuan},
 title = {1000 Songs for Emotional Analysis of Music},
 booktitle = {Proceedings of the 2Nd ACM International Workshop on Crowdsourcing for Multimedia},
 series = {CrowdMM '13},
 year = {2013},
 isbn = {978-1-4503-2396-3},
 location = {Barcelona, Spain},
 pages = {1--6},
 numpages = {6},
 url = {http://doi.acm.org/10.1145/2506364.2506365},
 doi = {10.1145/2506364.2506365},
 acmid = {2506365},
 publisher = {ACM},
 address = {New York, NY, USA},
 keywords = {crowdsourcing, emotion, music},
}

@article{radford_2017,
  title={Learning to generate reviews and discovering sentiment},
  author={Radford, Alec and Jozefowicz, Rafal and Sutskever, Ilya},
  journal={arXiv preprint arXiv:1704.01444},
  year={2017}
}

@inproceedings{williams2015dynamic,
  title={Dynamic game soundtrack generation in response to a continuously varying emotional trajectory},
  author={Williams, Duncan and Kirke, Alexis and Eaton, Joel and Miranda, Eduardo and Daly, Ian and Hallowell, James and Roesch, Etienne and Hwang, Faustina and Nasuto, Slawomir J},
  booktitle={Audio Engineering Society Conference: 56th International Conference: Audio for Games},
  year={2015},
  organization={Audio Engineering Society}
}

@article{davis2014generating,
  title={Generating music from literature},
  author={Davis, Hannah and Mohammad, Saif M},
  journal={Proceedings of the 3rd Workshop on Computational Linguistics for Literature (CLfL)},
  pages={1--10},
  year={2014}
}

@inproceedings{rubin2014generating,
  title={Generating emotionally relevant musical scores for audio stories},
  author={Rubin, Steve and Agrawala, Maneesh},
  booktitle={Proceedings of the 27th annual ACM symposium on User interface software and technology},
  pages={439--448},
  year={2014},
  organization={ACM}
}

@article{williams2015investigating,
  title={Investigating affect in algorithmic composition systems},
  author={Williams, Duncan and Kirke, Alexis and Miranda, Eduardo R and Roesch, Etienne and Daly, Ian and Nasuto, Slawomir},
  journal={Psychology of Music},
  volume={43},
  number={6},
  pages={831--854},
  year={2015},
  publisher={SAGE Publications Sage UK: London, England}
}

@inproceedings{monteith2010automatic,
  title={Automatic Generation of Music for Inducing Emotive Response.},
  author={Monteith, Kristine and Martinez, Tony R and Ventura, Dan},
  booktitle={International Conference on Computational Creativity},
  pages={140--149},
  year={2010}
}

@inproceedings{hadjeres2017deepbach,
  title={Deepbach: a steerable model for bach chorales generation},
  author={Hadjeres, Ga{\"e}tan and Pachet, Fran{\c{c}}ois and Nielsen, Frank},
  booktitle={Proceedings of the 34th International Conference on Machine Learning-Volume 70},
  pages={1362--1371},
  year={2017},
  organization={JMLR. org}
}

@proceedings{Roberts2017,
title	= {Hierarchical Variational Autoencoders for Music},
editor	= {Adam Roberts and Jesse Engel and Douglas Eck},
year	= {2017},
URL	= {https://nips2017creativity.github.io/doc/Hierarchical_Variational_Autoencoders_for_Music.pdf},
booktitle	= {Workshop on Machine Learning for Creativity and Design, NIPS}
}

@inproceedings{Chen2015,
 author = {Chen, Sixian and Bowers, John and Durrant, Abigail},
 title = {'Ambient Walk': A Mobile Application for Mindful Walking with Sonification of Biophysical Data},
 booktitle = {Proceedings of the 2015 British HCI Conference},
 series = {British HCI '15},
 year = {2015},
 isbn = {978-1-4503-3643-7},
 location = {Lincoln, Lincolnshire, United Kingdom},
 pages = {315--315},
 numpages = {1},
 url = {http://doi.acm.org/10.1145/2783446.2783630},
 doi = {10.1145/2783446.2783630},
 acmid = {2783630},
 publisher = {ACM},
 address = {New York, NY, USA},
 keywords = {affective interaction, data sonification, mobile experience, research through design, walking meditation},
}

@inproceedings{He2016,
 author = {He, Ruining and McAuley, Julian},
 title = {Ups and Downs: Modeling the Visual Evolution of Fashion Trends with One-Class Collaborative Filtering},
 booktitle = {Proceedings of the 25th International Conference on World Wide Web},
 series = {WWW '16},
 year = {2016},
 isbn = {978-1-4503-4143-1},
 location = {Montr\&\#233;al, Qu\&\#233;bec, Canada},
 pages = {507--517},
 numpages = {11},
 url = {https://doi.org/10.1145/2872427.2883037},
 doi = {10.1145/2872427.2883037},
 acmid = {2883037},
 publisher = {International World Wide Web Conferences Steering Committee},
 address = {Republic and Canton of Geneva, Switzerland},
 keywords = {fashion evolution, personalized ranking, recommender systems, visual dimensions},
}

@article{miranda2011brain,
  title={Brain-computer music interfacing (BCMI): from basic research to the real world of special needs},
  author={Miranda, Eduardo R and Magee, Wendy L and Wilson, John J and Eaton, Joel and Palaniappan, Ramaswamy},
  journal={Music \& Medicine},
  volume={3},
  number={3},
  pages={134--140},
  year={2011}
}

@inproceedings{kim2010music,
  title={Music emotion recognition: A state of the art review},
  author={Kim, Youngmoo E and Schmidt, Erik M and Migneco, Raymond and Morton, Brandon G and Richardson, Patrick and Scott, Jeffrey and Speck, Jacquelin A and Turnbull, Douglas},
  booktitle={Proc. ISMIR},
  volume={86},
  pages={937--952},
  year={2010},
  organization={Citeseer}
}

@article{scirea2017affective,
  title={Affective evolutionary music composition with MetaCompose},
  author={Scirea, Marco and Togelius, Julian and Eklund, Peter and Risi, Sebastian},
  journal={Genetic Programming and Evolvable Machines},
  volume={18},
  number={4},
  pages={433--465},
  year={2017},
  publisher={Springer}
}

@misc{yamahaEPiano,
  title = {International e-Piano Competition},
  howpublished = {\url{http://www.piano-e-competition.com}},
  note = {Accessed: 2019-04-12}
}

@article{krause2017,
    title={Multiplicative {LSTM} for sequence modelling},
    author={Ben Krause and Iain Murray and Steve Renals and Liang Lu},
    journal={ICLR Workshop track},
    year={2017},
}

@book{nierhaus2009algorithmic,
  title={Algorithmic composition: paradigms of automated music generation},
  author={Nierhaus, Gerhard},
  year={2009},
  publisher={Springer Science \& Business Media}
}

@inproceedings{hiller1957musical,
  title={Musical composition with a high speed digital computer},
  author={Hiller Jr, Lejaren A and Isaacson, Leonard M},
  booktitle={Audio Engineering Society Convention 9},
  year={1957},
  organization={Audio Engineering Society}
}

@article{steedman1984generative,
  title={A generative grammar for jazz chord sequences},
  author={Steedman, Mark J},
  journal={Music Perception},
  volume={2},
  number={1},
  pages={52--77},
  year={1984},
  publisher={University of California Press}
}

@article{roads1979grammars,
  title={Grammars as representations for music},
  author={Roads, Curtis and Wieneke, Paul},
  journal={Computer Music Journal},
  pages={48--55},
  year={1979},
  publisher={JSTOR}
}


@book{horner1991genetic,
  title={Genetic algorithms and computer-assisted music composition},
  author={Horner, Andrew and Goldberg, David E},
  volume={51},
  year={1991},
  publisher={Ann Arbor, MI: Michigan Publishing, University of Michigan Library}
}

@inproceedings{hild1992harmonet,
  title={HARMONET: A neural net for harmonizing chorales in the style of JS Bach},
  author={Hild, Hermann and Feulner, Johannes and Menzel, Wolfram},
  booktitle={Advances in neural information processing systems},
  pages={267--274},
  year={1992}
}


@misc{eno1996generative,
  title={Generative Music, speech at the Imagination Conference},
  author={Eno, B},
  year={1996}
}

@book{lerdahl1996generative,
  title={A Generative Theory of Tonal Music, reissue, with a new preface},
  author={Lerdahl, Fred and Jackendoff, Ray S},
  year={1996},
  publisher={MIT press}
}


@inproceedings{farnell2007introduction,
  title={An introduction to procedural audio and its application in computer games},
  author={Farnell, Andy},
  booktitle={Audio mostly conference},
  volume={23},
  year={2007},
  organization={Citeseer}
}

@article{williams2020use,
  title={On the use of AI for generation of functional music to improve mental health},
  author={Williams, Duncan AH and Hodge, Victoria J and Wu, Chia-Yu and others},
  journal={Frontiers in Artificial Intelligence},
  year={2020},
  publisher={Frontiers}
}

@article{hawthorne2017onsets,
  title={Onsets and frames: Dual-objective piano transcription},
  author={Hawthorne, Curtis and Elsen, Erich and Song, Jialin and Roberts, Adam and Simon, Ian and Raffel, Colin and Engel, Jesse and Oore, Sageev and Eck, Douglas},
  journal={arXiv preprint arXiv:1710.11153},
  year={2017}
}

@inproceedings{engel2017neural,
  title={Neural audio synthesis of musical notes with wavenet autoencoders},
  author={Engel, Jesse and Resnick, Cinjon and Roberts, Adam and Dieleman, Sander and Norouzi, Mohammad and Eck, Douglas and Simonyan, Karen},
  booktitle={International Conference on Machine Learning},
  pages={1068--1077},
  year={2017},
  organization={PMLR}
}

@book{goodfellow2016deep,
  title={Deep learning},
  author={Goodfellow, Ian and Bengio, Yoshua and Courville, Aaron and Bengio, Yoshua},
  volume={1},
  number={2},
  year={2016},
  publisher={MIT press Cambridge}
}

@inproceedings{roberts2018hierarchical,
  title={A hierarchical latent vector model for learning long-term structure in music},
  author={Roberts, Adam and Engel, Jesse and Raffel, Colin and Hawthorne, Curtis and Eck, Douglas},
  booktitle={International Conference on Machine Learning},
  pages={4364--4373},
  year={2018},
  organization={PMLR}
}

@inproceedings{dong2018musegan,
  title={Musegan: Multi-track sequential generative adversarial networks for symbolic music generation and accompaniment},
  author={Dong, Hao-Wen and Hsiao, Wen-Yi and Yang, Li-Chia and Yang, Yi-Hsuan},
  booktitle={Proceedings of the AAAI Conference on Artificial Intelligence},
  volume={32},
  number={1},
  year={2018}
}

@article{holtzman2018learning,
  title={Learning to write with cooperative discriminators},
  author={Holtzman, Ari and Buys, Jan and Forbes, Maxwell and Bosselut, Antoine and Golub, David and Choi, Yejin},
  journal={arXiv preprint arXiv:1805.06087},
  year={2018}
}

@article{yang2019deep,
  title={Deep music analogy via latent representation disentanglement},
  author={Yang, Ruihan and Wang, Dingsu and Wang, Ziyu and Chen, Tianyao and Jiang, Junyan and Xia, Gus},
  journal={arXiv preprint arXiv:1906.03626},
  year={2019}
}

@article{fernandez2013ai,
  title={AI methods in algorithmic composition: A comprehensive survey},
  author={Fern{\'a}ndez, Jose D and Vico, Francisco},
  journal={Journal of Artificial Intelligence Research},
  volume={48},
  pages={513--582},
  year={2013}
}

@book{simoni2003algorithmic,
  title={Algorithmic composition: a gentle introduction to music composition using common LISP and common music},
  author={Simoni, Mary},
  year={2003},
  publisher={Michigan Publishing, University of Michigan Library}
}

@book{xenakis1992formalized,
  title={Formalized music: thought and mathematics in composition},
  author={Xenakis, Iannis},
  number={6},
  year={1992},
  publisher={Pendragon Press}
}


@article{marino1993upic,
  title={The UPIC system: Origins and innovations},
  author={Marino, G{\'e}rard and Serra, Marie-H{\'e}l{\`e}ne and Raczinski, Jean-Michel},
  journal={Perspectives of New Music},
  pages={258--269},
  year={1993},
  publisher={JSTOR}
}

@article{ames1987automated,
  title={Automated composition in retrospect: 1956-1986},
  author={Ames, Charles},
  journal={Leonardo},
  pages={169--185},
  year={1987},
  publisher={JSTOR}
}

@article{gill1963technique,
  title={A Technique for the Composition of Music in a Computer},
  author={Gill, Stanley},
  journal={The Computer Journal},
  volume={6},
  number={2},
  pages={129--133},
  year={1963},
  publisher={The British Computer Society}
}

@article{ebciouglu1988expert,
  title={An expert system for harmonizing four-part chorales},
  author={Ebcio{\u{g}}lu, Kemal},
  journal={Computer Music Journal},
  volume={12},
  number={3},
  pages={43--51},
  year={1988},
  publisher={JSTOR}
}

@article{ames1989markov,
  title={The Markov process as a compositional model: A survey and tutorial},
  author={Ames, Charles},
  journal={Leonardo},
  volume={22},
  number={2},
  pages={175--187},
  year={1989},
  publisher={The MIT Press}
}

@ARTICLE{brooks1957,
  author={Brooks, F. P. and Hopkins, A. L. and Neumann, P. G. and Wright, W. V.},
  journal={IRE Transactions on Electronic Computers},
  title={An experiment in musical composition},
  year={1957},
  volume={EC-6},
  number={3},
  pages={175-182},
  doi={10.1109/TEC.1957.5222016}}

  @article{gillick2010machine,
    title={Machine learning of jazz grammars},
    author={Gillick, Jon and Tang, Kevin and Keller, Robert M},
    journal={Computer Music Journal},
    volume={34},
    number={3},
    pages={56--66},
    year={2010},
    publisher={MIT Press}
  }

  @book{tipei1975mp1,
    title={MP1: a computer program for music composition},
    author={Tipei, Sever},
    year={1975},
    publisher={Ann Arbor, MI: Michigan Publishing, University of Michigan Library}
  }

  @article{jones1981compositional,
    title={Compositional applications of stochastic processes},
    author={Jones, Kevin},
    journal={Computer Music Journal},
    volume={5},
    number={2},
    pages={45--61},
    year={1981},
    publisher={JSTOR}
  }

  @inproceedings{langston1989six,
    title={Six techniques for algorithmic music composition},
    author={Langston, Peter},
    booktitle={Proceedings of the International Computer Music Conference},
    volume={60},
    year={1989},
    organization={Citeseer}
  }

  @article{moorer1972music,
    title={Music and computer composition},
    author={Moorer, James Anderson},
    journal={Communications of the ACM},
    volume={15},
    number={2},
    pages={104--113},
    year={1972},
    publisher={ACM New York, NY, USA}
  }

  @inproceedings{lo2006evolving,
    title={Evolving musical sequences with n-gram based trainable fitness functions},
    author={Lo, ManYat and Lucas, Simon M},
    booktitle={2006 ieee international conference on evolutionary computation},
    pages={601--608},
    year={2006},
    organization={IEEE}
  }

  @article{todd1989connectionist,
    title={A connectionist approach to algorithmic composition},
    author={Todd, Peter M},
    journal={Computer Music Journal},
    volume={13},
    number={4},
    pages={27--43},
    year={1989},
    publisher={JSTOR}
  }

  @inproceedings{duff1989backpropagation,
    title={Backpropagation and Bach's 5th cello suite (Sarabande)},
    author={Duff, MO},
    booktitle={International 1989 Joint Conference on Neural Networks},
    pages={575--vol},
    year={1989},
    organization={IEEE}
  }

  @article{hochreiter1997long,
    title={Long short-term memory},
    author={Hochreiter, Sepp and Schmidhuber, J{\"u}rgen},
    journal={Neural computation},
    volume={9},
    number={8},
    pages={1735--1780},
    year={1997},
    publisher={MIT Press}
  }

  @INPROCEEDINGS{Mao_2018,
    author={Mao, Huanru Henry and Shin, Taylor and Cottrell, Garrison},
    booktitle={2018 IEEE 12th International Conference on Semantic Computing (ICSC)},
    title={DeepJ: Style-Specific Music Generation},
    year={2018},
    volume={},
    number={},
    pages={377-382},
    doi={10.1109/ICSC.2018.00077}
}

@inproceedings{lyu2015modelling,
  title={Modelling high-dimensional sequences with lstm-rtrbm: Application to polyphonic music generation},
  author={Lyu, Qi and Wu, Zhiyong and Zhu, Jun and Meng, Helen},
  booktitle={Twenty-Fourth International Joint Conference on Artificial Intelligence},
  year={2015}
}

@inproceedings{liang2017automatic,
  title={Automatic Stylistic Composition of Bach Chorales with Deep LSTM.},
  author={Liang, Feynman T and Gotham, Mark and Johnson, Matthew and Shotton, Jamie},
  booktitle={ISMIR},
  pages={449--456},
  year={2017}
}

@article{vaswani2017attention,
  title={Attention is all you need},
  author={Vaswani, Ashish and Shazeer, Noam and Parmar, Niki and Uszkoreit, Jakob and Jones, Llion and Gomez, Aidan N and Kaiser, Lukasz and Polosukhin, Illia},
  journal={arXiv preprint arXiv:1706.03762},
  year={2017}
}

@article{boulanger2012modeling,
  title={Modeling temporal dependencies in high-dimensional sequences: Application to polyphonic music generation and transcription},
  author={Boulanger-Lewandowski, Nicolas and Bengio, Yoshua and Vincent, Pascal},
  journal={arXiv preprint arXiv:1206.6392},
  year={2012}
}

@article{donahue2019lakhnes,
  title={LakhNES: Improving multi-instrumental music generation with cross-domain pre-training},
  author={Donahue, Chris and Mao, Huanru Henry and Li, Yiting Ethan and Cottrell, Garrison W and McAuley, Julian},
  journal={arXiv preprint arXiv:1907.04868},
  year={2019}
}

@inproceedings{donahue2018nesmdb,
  title={The NES Music Database: A multi-instrumental dataset with expressive performance attributes},
  author={Donahue, Chris and Mao, Huanru Henry and McAuley, Julian},
  booktitle={ISMIR},
  year={2018}
}

@article{huang2020pop,
  title={Pop music transformer: Generating music with rhythm and harmony},
  author={Huang, Yu-Siang and Yang, Yi-Hsuan},
  journal={arXiv preprint arXiv:2002.00212},
  year={2020}
}

@article{kingma2013auto,
  title={Auto-encoding variational bayes},
  author={Kingma, Diederik P and Welling, Max},
  journal={arXiv preprint arXiv:1312.6114},
  year={2013}
}

@article{brunner2018midi,
  title={MIDI-VAE: Modeling dynamics and instrumentation of music with applications to style transfer},
  author={Brunner, Gino and Konrad, Andres and Wang, Yuyi and Wattenhofer, Roger},
  journal={arXiv preprint arXiv:1809.07600},
  year={2018}
}

@inproceedings{jeong2019virtuosonet,
  title={VirtuosoNet: A Hierarchical RNN-based System for Modeling Expressive Piano Performance.},
  author={Jeong, Dasaem and Kwon, Taegyun and Kim, Yoojin and Lee, Kyogu and Nam, Juhan},
  booktitle={ISMIR},
  pages={908--915},
  year={2019}
}


@article{huang2019counterpoint,
  title={Counterpoint by convolution},
  author={Huang, Cheng-Zhi Anna and Cooijmans, Tim and Roberts, Adam and Courville, Aaron and Eck, Douglas},
  journal={arXiv preprint arXiv:1903.07227},
  year={2019}
}

@article{goodfellow2014generative,
  title={Generative adversarial networks},
  author={Goodfellow, Ian J and Pouget-Abadie, Jean and Mirza, Mehdi and Xu, Bing and Warde-Farley, David and Ozair, Sherjil and Courville, Aaron and Bengio, Yoshua},
  journal={arXiv preprint arXiv:1406.2661},
  year={2014}
}

@inproceedings{yu2017seqgan,
  title={Seqgan: Sequence generative adversarial nets with policy gradient},
  author={Yu, Lantao and Zhang, Weinan and Wang, Jun and Yu, Yong},
  booktitle={Proceedings of the AAAI conference on artificial intelligence},
  volume={31},
  number={1},
  year={2017}
}

@inproceedings{muhamed2021symbolic,
  title={Symbolic Music Generation with Transformer-GANs},
  author={Muhamed, Aashiq and Li, Liang and Shi, Xingjian and Yaddanapudi, Suri and Chi, Wayne and Jackson, Dylan and Suresh, Rahul and Lipton, Zachary C and Smola, Alexander J},
  booktitle={Proceedings of the AAAI Conference on Artificial Intelligence},
  volume={35},
  number={1},
  pages={408--417},
  year={2021}
}

@article{fan2018hierarchical,
  title={Hierarchical neural story generation},
  author={Fan, Angela and Lewis, Mike and Dauphin, Yann},
  journal={arXiv preprint arXiv:1805.04833},
  year={2018}
}

@article{holtzman2019curious,
  title={The curious case of neural text degeneration},
  author={Holtzman, Ari and Buys, Jan and Du, Li and Forbes, Maxwell and Choi, Yejin},
  journal={arXiv preprint arXiv:1904.09751},
  year={2019}
}

@article{luque2009stochastic,
  title={The stochastic synthesis of Iannis Xenakis},
  author={Luque, Sergio},
  journal={Leonardo Music Journal},
  volume={19},
  pages={77--84},
  year={2009},
  publisher={MIT Press}
}


@article{lidov1973melody,
  title={A melody writing algorithm using a formal language model},
  author={Lidov, David and Gabura, Jim},
  journal={Computer Studies in the Humanities},
  volume={4},
  number={3-4},
  pages={138--148},
  year={1973}
}

@article{holtzman1981using,
  title={Using generative grammars for music composition},
  author={Holtzman, SR},
  journal={Computer Music Journal},
  volume={5},
  number={1},
  pages={51--64},
  year={1981},
  publisher={JSTOR}
}

@inproceedings{ulrich1977analysis,
  title={The Analysis and Synthesis of Jazz by Computer.},
  author={Ulrich, John Wade},
  booktitle={International Joint Conference on Artificial Intelligence},
  pages={865--872},
  year={1977},
  organization={Citeseer}
}

@inproceedings{keller2007grammatical,
  title={A grammatical approach to automatic improvisation},
  author={Keller, Robert M and Morrison, David R},
  booktitle={Proceedings, Fourth Sound and Music Conference, Lefkada, Greece, July.â€œMost of the soloists at Birdland had to wait for Parkerâ€™s next record in order to find out what to play next. What will they do now},
  year={2007},
  organization={Citeseer}
}


@article{cope1989experiments,
  title={Experiments in musical intelligence (EMI): Non-linear linguistic-based composition},
  author={Cope, David},
  journal={Journal of New Music Research},
  volume={18},
  number={1-2},
  pages={117--139},
  year={1989},
  publisher={Taylor \& Francis}
}


@inproceedings{solomos2005cellular,
  title={Cellular automata in Xenakis's music. Theory and Practice},
  author={Solomos, Makis},
  booktitle={International Symposium Iannis Xenakis (Athens, May 2005)},
  pages={11--p},
  year={2005}
}

@article{miranda1993cellular,
  title={Cellular automata music: An interdisciplinary project},
  author={Miranda, Eduardo Reck},
  journal={Journal of New Music Research},
  volume={22},
  number={1},
  pages={3--21},
  year={1993},
  publisher={Taylor \& Francis}
}


@article{gardner1970,
 ISSN = {00368733, 19467087},
 URL = {http://www.jstor.org/stable/24927642},
 author = {Martin Gardner},
 journal = {Scientific American},
 number = {4},
 pages = {120--123},
 publisher = {Scientific American, a division of Nature America, Inc.},
 title = {MATHEMATICAL GAMES},
 volume = {223},
 year = {1970}
}


@article{dewdney1989,
 ISSN = {00368733, 19467087},
 URL = {http://www.jstor.org/stable/24987368},
 author = {A. K. Dewdney},
 journal = {Scientific American},
 number = {2},
 pages = {102--106},
 publisher = {Scientific American, a division of Nature America, Inc.},
 title = {COMPUTER RECREATIONS},
 volume = {261},
 year = {1989}
}


@misc{ball2005making,
  title={Making music by numbers online},
  author={Ball, Philip},
  year={2005},
  publisher={Nature Publishing Group}
}

@book{wolfram2002new,
  title={A new kind of science},
  author={Wolfram, Stephen},
  volume={5},
  year={2002},
  publisher={Wolfram media Champaign, IL}
}

@inproceedings{mcintyre1994bach,
  title={Bach in a box: The evolution of four part baroque harmony using the genetic algorithm},
  author={McIntyre, Ryan A},
  booktitle={Proceedings of the first ieee conference on evolutionary computation. ieee world congress on computational intelligence},
  pages={852--857},
  year={1994},
  organization={IEEE}
}

@inproceedings{polito1997musica,
  title={Musica ex machina: Composing 16th-century counterpoint with genetic programming and symbiosis},
  author={Polito, John and Daida, Jason M and Bersano-Begey, Tommaso F},
  booktitle={International Conference on Evolutionary Programming},
  pages={113--123},
  year={1997},
  organization={Springer}
}

@article{papadopoulos1998genetic,
  title={A genetic algorithm for the generation of jazz melodies},
  author={Papadopoulos, George and Wiggins, Geraint and others},
  journal={Proceedings of STEP},
  volume={98},
  year={1998}
}

@inproceedings{biles1994genjam,
  title={GenJam: A genetic algorithm for generating jazz solos},
  author={Biles, John and others},
  booktitle={ICMC},
  volume={94},
  pages={131--137},
  year={1994},
  organization={Ann Arbor, MI}
}

@article{jacob1995composing,
  title={Composing with genetic algorithms},
  author={Jacob, Bruce},
  year={1995},
  publisher={International Computer Music Association}
}

@inproceedings{schmidl2008pseudo,
  title={Pseudo-Genetic Algorithmic Composition.},
  author={Schmidl, Harald},
  booktitle={GEM},
  pages={24--29},
  year={2008},
  organization={Citeseer}
}

@inproceedings{tokui2000music,
  title={Music composition with interactive evolutionary computation},
  author={Tokui, Nao and Iba, Hitoshi and others},
  booktitle={Proceedings of the third international conference on generative art},
  volume={17},
  number={2},
  pages={215--226},
  year={2000}
}

@article{lecun2015deep,
  title={Deep learning},
  author={LeCun, Yann and Bengio, Yoshua and Hinton, Geoffrey},
  journal={nature},
  volume={521},
  number={7553},
  pages={436--444},
  year={2015},
  publisher={Nature Publishing Group}
}

@article{anders2011constraint,
  title={Constraint programming systems for modeling music theories and composition},
  author={Anders, Torsten and Miranda, Eduardo R},
  journal={ACM Computing Surveys (CSUR)},
  volume={43},
  number={4},
  pages={1--38},
  year={2011},
  publisher={ACM New York, NY, USA}
}

@article{ebciouglu1988expert,
  title={An expert system for harmonizing four-part chorales},
  author={Ebcio{\u{g}}lu, Kemal},
  journal={Computer Music Journal},
  volume={12},
  number={3},
  pages={43--51},
  year={1988},
  publisher={JSTOR}
}


@inproceedings{pereira1997composing,
  title={Composing music with case-based reasoning},
  author={Pereira, Francisco C and Grilo, Carlos Fernando Almeida and Macedo, Lu{\'\i}s and Cardoso, Fernando Am{\'\i}lcar Bandeira},
  booktitle={International Conference on Computational Models of Creative Cognition},
  year={1997}
}

@article{lecun1998gradient,
  title={Gradient-based learning applied to document recognition},
  author={LeCun, Yann and Bottou, L{\'e}on and Bengio, Yoshua and Haffner, Patrick},
  journal={Proceedings of the IEEE},
  volume={86},
  number={11},
  pages={2278--2324},
  year={1998},
  publisher={Ieee}
}

@article{mikolov2013efficient,
  title={Efficient estimation of word representations in vector space},
  author={Mikolov, Tomas and Chen, Kai and Corrado, Greg and Dean, Jeffrey},
  journal={arXiv preprint arXiv:1301.3781},
  year={2013}
}


@article{bengio2012unsupervised,
  title={Unsupervised feature learning and deep learning: A review and new perspectives},
  author={Bengio, Yoshua and Courville, Aaron C and Vincent, Pascal},
  journal={CoRR, abs/1206.5538},
  volume={1},
  pages={2012},
  year={2012}
}

@article{good2001musicxml,
  title={MusicXML for notation and analysis},
  author={Good, Michael},
  journal={The virtual score: representation, retrieval, restoration},
  volume={12},
  number={113-124},
  pages={160},
  year={2001}
}


@article{walshaw1993abc2mtex,
  title={ABC2MTEX: An easy way of transcribing folk and traditional music, Version 1.0},
  author={Walshaw, Chris},
  journal={University of Greenwich, London},
  year={1993}
}



@ARTICLE{bengio1994,
  author={Bengio, Y. and Simard, P. and Frasconi, P.},
  journal={IEEE Transactions on Neural Networks},
  title={Learning long-term dependencies with gradient descent is difficult},
  year={1994},
  volume={5},
  number={2},
  pages={157-166},
  doi={10.1109/72.279181}
 }

@inproceedings{he2016deep,
title={Deep residual learning for image recognition},
author={He, Kaiming and Zhang, Xiangyu and Ren, Shaoqing and Sun, Jian},
booktitle={Proceedings of the IEEE conference on computer vision and pattern recognition},
pages={770--778},
year={2016}
}


@article{ba2016layer,
  title={Layer normalization},
  author={Ba, Jimmy Lei and Kiros, Jamie Ryan and Hinton, Geoffrey E},
  journal={arXiv preprint arXiv:1607.06450},
  year={2016}
}


@article{brock2018large,
  title={Large scale GAN training for high fidelity natural image synthesis},
  author={Brock, Andrew and Donahue, Jeff and Simonyan, Karen},
  journal={arXiv preprint arXiv:1809.11096},
  year={2018}
}


@article{jang2016categorical,
  title={Categorical reparameterization with gumbel-softmax},
  author={Jang, Eric and Gu, Shixiang and Poole, Ben},
  journal={arXiv preprint arXiv:1611.01144},
  year={2016}
}


@article{olah2015understanding,
  title={Understanding lstm networks},
  author={Olah, Christopher},
  year={2015}
}

@article{rocca2019understanding,
  title={Understanding Variational Autoencoders (VAEs)},
  author={Rocca, Joseph},
  journal={Data Science},
  year={2019}
}

@article{silva2018intuitive,
  title={An intuitive introduction to generative adversarial networks (gans)},
  author={Silva, Thalles},
  journal={freeCodeCamp. org},
  year={2018}
}

@misc{platen2020,
  author = {von Platen, Patrick},
  title = {How to generate text: using different decoding methods for language generation with Transformers},
  howpublished = "\url{https://huggingface.co/blog/how-to-generate}",
  year = {2020},
  note = "[Online; accessed 05-July-2021]"
}

@book{ekkekakis2013measurement,
  title={The measurement of affect, mood, and emotion: A guide for health-behavioral research},
  author={Ekkekakis, Panteleimon},
  year={2013},
  publisher={Cambridge University Press}
}

@article{ekman1992argument,
  title={An argument for basic emotions},
  author={Ekman, Paul},
  journal={Cognition \& emotion},
  volume={6},
  number={3-4},
  pages={169--200},
  year={1992},
  publisher={Taylor \& Francis}
}

@article{zentner2008emotions,
  title={Emotions evoked by the sound of music: characterization, classification, and measurement.},
  author={Zentner, Marcel and Grandjean, Didier and Scherer, Klaus R},
  journal={Emotion},
  volume={8},
  number={4},
  pages={494},
  year={2008},
  publisher={American Psychological Association}
}

@article{posner2005circumplex,
  title={The circumplex model of affect: An integrative approach to affective neuroscience, cognitive development, and psychopathology},
  author={Posner, Jonathan and Russell, James A and Peterson, Bradley S},
  journal={Development and psychopathology},
  volume={17},
  number={3},
  pages={715--734},
  year={2005},
  publisher={Cambridge University Press}
}

@article{eerola2011comparison,
  title={A comparison of the discrete and dimensional models of emotion in music},
  author={Eerola, Tuomas and Vuoskoski, Jonna K},
  journal={Psychology of Music},
  volume={39},
  number={1},
  pages={18--49},
  year={2011},
  publisher={Sage Publications Sage UK: London, England}
}

@inproceedings{kim2004composing,
  title={Composing affective music with a generate and sense approach.},
  author={Kim, Sunjung and Andr{\'e}, Elisabeth},
  booktitle={FLAIRS Conference},
  pages={38--43},
  year={2004}
}

@inproceedings{zhu2008emotional,
  title={Emotional music generation using interactive genetic algorithm},
  author={Zhu, Hua and Wang, Shangfei and Wang, Zhen},
  booktitle={2008 International Conference on Computer Science and Software Engineering},
  volume={1},
  pages={345--348},
  year={2008},
  organization={IEEE}
}

@article{nomura2018music,
  title={Music Melodies Suited to Multiple Users' Feelings Composed by Asynchronous Distributed Interactive Genetic Algorithm},
  author={Nomura, Kota and Fukumoto, Makoto},
  journal={International Journal of Software Innovation (IJSI)},
  volume={6},
  number={2},
  pages={26--36},
  year={2018},
  publisher={IGI Global}
}

@inproceedings{chung2006affective,
  title={The affective remixer: Personalized music arranging},
  author={Chung, Jae-woo and Vercoe, G Scott},
  booktitle={CHI'06 extended abstracts on Human factors in computing systems},
  pages={393--398},
  year={2006}
}

@article{ramanto2017markov,
  title={Markov Chain Based Procedural Music Generator with User Chosen Mood Compatibility},
  author={Ramanto, Adhika Sigit and Maulidevi, Nur Ulfa},
  journal={International Journal of Asia Digital Art and Design Association},
  volume={21},
  number={1},
  pages={19--24},
  year={2017},
  publisher={Asia Digital Art and Design Association}
}

@book{parrott2001emotions,
  title={Emotions in social psychology: Essential readings},
  author={Parrott, W Gerrod},
  year={2001},
  publisher={psychology press}
}

@article{bradley1992remembering,
  title={Remembering pictures: pleasure and arousal in memory.},
  author={Bradley, Margaret M and Greenwald, Mark K and Petry, Margaret C and Lang, Peter J},
  journal={Journal of experimental psychology: Learning, Memory, and Cognition},
  volume={18},
  number={2},
  pages={379},
  year={1992},
  publisher={American Psychological Association}
}

@inproceedings{chan2008automatic,
  title={Automatic composition of themed mood pieces},
  author={Chan, Heather and Ventura, Dan},
  booktitle={Proceedings of the 5th International Joint Workshop on Computational Creativity},
  pages={109--115},
  year={2008},
  organization={Citeseer}
}

@inproceedings{madhok2018sentimozart,
  title={SentiMozart: Music Generation based on Emotions.},
  author={Madhok, Rishi and Goel, Shivali and Garg, Shweta},
  booktitle={ICAART (2)},
  pages={501--506},
  year={2018}
}

@inproceedings{tan2020automated,
  title={Automated Music Generation for Visual Art through Emotion.},
  author={Tan, Xiaodong and Antony, Mathis},
  booktitle={ICCC},
  pages={247--250},
  year={2020}
}

@inproceedings{you2016building,
  title={Building a large scale dataset for image emotion recognition: The fine print and the benchmark},
  author={You, Quanzeng and Luo, Jiebo and Jin, Hailin and Yang, Jianchao},
  booktitle={Proceedings of the AAAI conference on artificial intelligence},
  volume={30},
  number={1},
  year={2016}
}

@inproceedings{panda2013multi,
  title={Multi-modal music emotion recognition: A new dataset, methodology and comparative analysis},
  author={Panda, Renato Eduardo Silva and Malheiro, Ricardo and Rocha, Bruno and Oliveira, Ant{\'o}nio Pedro and Paiva, Rui Pedro},
  booktitle={10th International Symposium on Computer Music Multidisciplinary Research (CMMR 2013)},
  pages={570--582},
  year={2013}
}

@inproceedings{zhao2019emotional,
  title={An emotional symbolic music generation system based on lstm networks},
  author={Zhao, Kun and Li, Siqi and Cai, Juanjuan and Wang, Hui and Wang, Jingling},
  booktitle={2019 IEEE 3rd Information Technology, Networking, Electronic and Automation Control Conference (ITNEC)},
  pages={2039--2043},
  year={2019},
  organization={IEEE}
}

@article{friberg2006overview,
  title={Overview of the KTH rule system for musical performance},
  author={Friberg, Anders and Bresin, Roberto and Sundberg, Johan},
  journal={Advances in cognitive psychology},
  volume={2},
  number={2},
  pages={145},
  year={2006},
  publisher={Vizja Press \& IT}
}

@inproceedings{goodfellow2013challenges,
  title={Challenges in representation learning: A report on three machine learning contests},
  author={Goodfellow, Ian J and Erhan, Dumitru and Carrier, Pierre Luc and Courville, Aaron and Mirza, Mehdi and Hamner, Ben and Cukierski, Will and Tang, Yichuan and Thaler, David and Lee, Dong-Hyun and others},
  booktitle={International conference on neural information processing},
  pages={117--124},
  year={2013},
  organization={Springer}
}

@inproceedings{he2016deep,
  title={Deep residual learning for image recognition},
  author={He, Kaiming and Zhang, Xiangyu and Ren, Shaoqing and Sun, Jian},
  booktitle={Proceedings of the IEEE conference on computer vision and pattern recognition},
  pages={770--778},
  year={2016}
}

@inproceedings{johnson2017generating,
  title={Generating polyphonic music using tied parallel networks},
  author={Johnson, Daniel D},
  booktitle={International conference on evolutionary and biologically inspired music and art},
  pages={128--143},
  year={2017},
  organization={Springer}
}

@article{tan2020music,
  title={Music fadernets: Controllable music generation based on high-level features via low-level feature modelling},
  author={Tan, Hao Hao and Herremans, Dorien},
  journal={arXiv preprint arXiv:2007.15474},
  year={2020}
}

@inproceedings{socher2013recursive,
  title={Recursive deep models for semantic compositionality over a sentiment treebank},
  author={Socher, Richard and Perelygin, Alex and Wu, Jean and Chuang, Jason and Manning, Christopher D and Ng, Andrew Y and Potts, Christopher},
  booktitle={Proceedings of the 2013 conference on empirical methods in natural language processing},
  pages={1631--1642},
  year={2013}
}

@inproceedings{ferreira2020computer,
  title={Computer-generated music for tabletop role-playing games},
  author={Ferreira, Lucas and Lelis, Levi and Whitehead, Jim},
  booktitle={Proceedings of the AAAI Conference on Artificial Intelligence and Interactive Digital Entertainment},
  volume={16},
  number={1},
  pages={59--65},
  year={2020}
}


@inproceedings{smith2010analyzing,
  title={Analyzing the expressive range of a level generator},
  author={Smith, Gillian and Whitehead, Jim},
  booktitle={Proceedings of the 2010 Workshop on Procedural Content Generation in Games},
  pages={1--7},
  year={2010}
}

@inproceedings{Kocsis2006,
 author = {Kocsis, Levente and Szepesv\'{a}ri, Csaba},
 title = {Bandit Based Monte-carlo Planning},
 booktitle = {Proceedings of the European Conference on Machine Learning},
 year = {2006},
 pages = {282--293},
 publisher = {Springer-Verlag},
 address = {Berlin, Heidelberg},
}

@article{rosin2011pucb,
author = {Rosin, Christopher D.},
title = {Multi-Armed Bandits with Episode Context},
year = {2011},
publisher = {Kluwer Academic Publishers},
volume = {61},
number = {3},
_issn = {1012-2443},
journal = {Annals of Mathematics and Artificial Intelligence},
month = mar,
pages = {203--230},
numpages = {28},
}

@inproceedings{Law2007TagATuneAG,
  title={TagATune: A Game for Music and Sound Annotation},
  author={Edith Law and L. V. Ahn and R. Dannenberg and Mike Crawford},
  booktitle={ISMIR},
  year={2007}
}


@article{oord2016wavenet,
  title={Wavenet: A generative model for raw audio},
  author={Oord, Aaron van den and Dieleman, Sander and Zen, Heiga and Simonyan, Karen and Vinyals, Oriol and Graves, Alex and Kalchbrenner, Nal and Senior, Andrew and Kavukcuoglu, Koray},
  journal={arXiv preprint arXiv:1609.03499},
  year={2016}
}


@article{mehri2016samplernn,
  title={SampleRNN: An unconditional end-to-end neural audio generation model},
  author={Mehri, Soroush and Kumar, Kundan and Gulrajani, Ishaan and Kumar, Rithesh and Jain, Shubham and Sotelo, Jose and Courville, Aaron and Bengio, Yoshua},
  journal={arXiv preprint arXiv:1612.07837},
  year={2016}
}


@inproceedings{yamamoto2020parallel,
  title={Parallel WaveGAN: A fast waveform generation model based on generative adversarial networks with multi-resolution spectrogram},
  author={Yamamoto, Ryuichi and Song, Eunwoo and Kim, Jae-Min},
  booktitle={ICASSP 2020-2020 IEEE International Conference on Acoustics, Speech and Signal Processing (ICASSP)},
  pages={6199--6203},
  year={2020},
  organization={IEEE}
}

@article{dhariwal2020jukebox,
  title={Jukebox: A generative model for music},
  author={Dhariwal, Prafulla and Jun, Heewoo and Payne, Christine and Kim, Jong Wook and Radford, Alec and Sutskever, Ilya},
  journal={arXiv preprint arXiv:2005.00341},
  year={2020}
}


@article{chu2020smoothness,
  title={Smoothness and stability in gans},
  author={Chu, Casey and Minami, Kentaro and Fukumizu, Kenji},
  journal={arXiv preprint arXiv:2002.04185},
  year={2020}
}


@article{karras2020training,
  title={Training generative adversarial networks with limited data},
  author={Karras, Tero and Aittala, Miika and Hellsten, Janne and Laine, Samuli and Lehtinen, Jaakko and Aila, Timo},
  journal={arXiv preprint arXiv:2006.06676},
  year={2020}
}

@article{bengio2003neural,
  title={A neural probabilistic language model},
  author={Bengio, Yoshua and Ducharme, R{\'e}jean and Vincent, Pascal and Janvin, Christian},
  journal={The journal of machine learning research},
  volume={3},
  pages={1137--1155},
  year={2003},
  publisher={JMLR. org}
}


@article{sun2021revisiting,
  title={Revisiting Simple Neural Probabilistic Language Models},
  author={Sun, Simeng and Iyyer, Mohit},
  journal={arXiv preprint arXiv:2104.03474},
  year={2021}
}

@article{elman1990finding,
  title={Finding structure in time},
  author={Elman, Jeffrey L},
  journal={Cognitive science},
  volume={14},
  number={2},
  pages={179--211},
  year={1990},
  publisher={Wiley Online Library}
}


@inproceedings{jordan1986,
  title={Attractor dynamics and parallelism in a connectionist sequential machine},
  author = {Jordan, Michael I.},
  booktitle = {{P}roceedings of the Eighth Annual Conference of the Cognitive Science Society},
  year={1986},
  pages = {531--546}
 }

 @article{bahdanau2014neural,
   title={Neural machine translation by jointly learning to align and translate},
   author={Bahdanau, Dzmitry and Cho, Kyunghyun and Bengio, Yoshua},
   journal={arXiv preprint arXiv:1409.0473},
   year={2014}
 }

 @article{gabrielsson2001emotion,
   title={Emotion perceived and emotion felt: Same or different?},
   author={Gabrielsson, Alf},
   journal={Musicae scientiae},
   volume={5},
   number={1\_suppl},
   pages={123--147},
   year={2001},
   publisher={SAGE Publications Sage UK: London, England}
 }


 @article{mirza2014conditional,
   title={Conditional generative adversarial nets},
   author={Mirza, Mehdi and Osindero, Simon},
   journal={arXiv preprint arXiv:1411.1784},
   year={2014}
 }

 @article{silver2017mastering,
   title={Mastering the game of go without human knowledge},
   author={Silver, David and Schrittwieser, Julian and Simonyan, Karen and Antonoglou, Ioannis and Huang, Aja and Guez, Arthur and Hubert, Thomas and Baker, Lucas and Lai, Matthew and Bolton, Adrian and others},
   journal={nature},
   volume={550},
   number={7676},
   pages={354--359},
   year={2017},
   publisher={Nature Publishing Group}
 }
